<?xml version="1.0" encoding="UTF-8"?><collection><record><leader>05790ntm a2200589 a 4500</leader><controlfield tag="001">006819660</controlfield><controlfield tag="003">MiAaHDL</controlfield><controlfield tag="005">20190719000000.0</controlfield><controlfield tag="006">m        d        </controlfield><controlfield tag="007">cr bn ---auaua</controlfield><controlfield tag="008">090617q18201860xx            00| ||per d</controlfield><datafield tag="035" ind1=" " ind2=" "><subfield code="a">(MiU)006819660</subfield></datafield><datafield tag="035" ind1=" " ind2=" "><subfield code="a">sdr-miu006819660</subfield></datafield><datafield tag="040" ind1=" " ind2=" "><subfield code="a">MiU</subfield><subfield code="c">MiU</subfield><subfield code="e">amremm</subfield></datafield><datafield tag="043" ind1=" " ind2=" "><subfield code="a">n-us-mi</subfield></datafield><datafield tag="245" ind1="0" ind2="0"><subfield code="6">880-03</subfield><subfield code="a">[Kitāb-i lughāt ... etc.,</subfield><subfield code="f">19th century].</subfield></datafield><datafield tag="246" ind1="3" ind2=" "><subfield code="a">كتاب لغات</subfield></datafield><datafield tag="246" ind1="3" ind2=" "><subfield code="i">Edge title (fore edge):</subfield><subfield code="a">کتاب لغات</subfield></datafield><datafield tag="260" ind1=" " ind2=" "><subfield code="c">[1820-1860].</subfield></datafield><datafield tag="300" ind1=" " ind2=" "><subfield code="a">137 leaves :</subfield><subfield code="b">paper ;</subfield><subfield code="c">212 x 160 (160-170 x 85) mm.</subfield></datafield><datafield tag="500" ind1=" " ind2=" "><subfield code="a">Shelfmark: Ann Arbor, University of Michigan, Special Collections Library, Isl. Ms. 858</subfield></datafield><datafield tag="500" ind1=" " ind2=" "><subfield code="a">Origin: Lacks dated colophon ; paper, etc. would suggest mid 19th century. Ownership statement on front flyleaf (p.3) provides rough terminus ante quem of 1875.</subfield></datafield><datafield tag="500" ind1=" " ind2=" "><subfield code="a">Accompanying materials: Slip with notes in hand of Eleazar Birnbaum, "Author ? | Title: [KITĀB-i LUGHAT] Title on fore-edge | In Persian. | A brief dictionary Persian-Persian from rāʼ it is very sketchy | At the end part of a Persian technical treatise on prosody. (incomplete) | No date, possibly 17th cent ? | Ownership note on fly leaf 1292 A.H. (1875 A.D.) | E Birnbaum June 1964" (paginated pp.1-2).</subfield></datafield><datafield tag="500" ind1=" " ind2=" "><subfield code="a">Former shelfmark: Mich. Isl. ms. temp. no. 7</subfield></datafield><datafield tag="500" ind1=" " ind2=" "><subfield code="a">Binding: Covers in black leather with orange-brown interior (limp binding without boards) ; Type III binding (without flap) ; once stab sewn in heavy white cord ; worked chevron endbands in yellow and purple, fair condition and detaching from text block with spine lining (through which they are sewn) ; overall in fair condition with cover fully detached, some abrasion, staining, etc.</subfield></datafield><datafield tag="500" ind1=" " ind2=" "><subfield code="a">Support: European laid paper of several types (mainly machine laid) ; opening type (also appearing later in the volume) with a crosshatch of "laid lines," chain lines spaced 26-27 mm. apart (horizontal), and watermark of "JP" in medallion with bird on ball above (see p.11, 18, 19, 102, 104, 109, etc.) ; next type with 10 laid lines per cm. (vertical), chain lines spaced 25-28 mm. apart (horizontal), and watermarks of "ALMASSO" (see p.28, 30, 31, etc.) and scrollwork with bird above tower and "POLLERA" below (see p.24, 26, 36, etc.) ; next type with crosshatch of "laid lines," chain lines spaced 26-27 mm. apart (horizontal) and watermarks of "ALMASSO" and scrollwork with bird above tower and "GIOR MAGNANI" below (see p.40, 42, 43, 45, 52, 54, 58, 59 63, etc. and compare Heawood 3748) ; next type with crosshatch of "laid lines," chain lines spaced 26-27 mm. apart (horizontal) and watermarks of stag leaping above pond (stag springing or salient, or even courant, p.122, 123, etc.) and "BAGLIETTO" (see p.120 125, etc.) as well as countermark "DB" in cursive initials (p.122, etc.) ; still another type with crosshatch of "laid lines," chain lines spaced 25-28 mm. apart (horizontal) and watermark of "Florino GPP" below flower ; well-burnished ; staining and tide lines.</subfield></datafield><datafield tag="500" ind1=" " ind2=" "><subfield code="a">Decoration: Keywords and section headings rubricated ; overlining in red.</subfield></datafield><datafield tag="500" ind1=" " ind2=" "><subfield code="a">Script: Nastaʻlīq ; clear, spacious hand in a medium line ; serifless with effect of tilt to the left and of words descending to baseline, elongation of horizontal strokes, pointing in strokes rather than distinct dots, mainly closed counters, freely ligatured.</subfield></datafield><datafield tag="500" ind1=" " ind2=" "><subfield code="a">Layout: Written mainly in 15 lines per page.</subfield></datafield><datafield tag="500" ind1=" " ind2=" "><subfield code="a">Collation: II (4), IV-2 (10), IV-1 (17), III+1 (24), 8 IV(88), II (92), 5 IV(132), III-1 (137) ; almost exclusively quaternions with added binion at opening ; catchwords present ; pagination in pencil, Western numerals, supplied during digitization (includes insert).</subfield></datafield><datafield tag="500" ind1=" " ind2=" "><subfield code="a">Incipit: "باب الالف مع الالف افدستا بفتح [همزه] و دال مهمله و سکون فا و سین مهمله حمد خدای عز و جل و ستایش شگفت و نیکو چه اینکلمه مرکبست از اخذ [افد] که بمعنی شگفت است ..."</subfield></datafield><datafield tag="500" ind1=" " ind2=" "><subfield code="a">Title supplied by cataloguer from edge title.</subfield></datafield><datafield tag="500" ind1=" " ind2=" "><subfield code="a">Ms. codex.</subfield></datafield><datafield tag="505" ind1="0" ind2=" "><subfield code="a">4. p.267-p.276 : [Risālah-i ʻarūz̤-i Fārsī]</subfield></datafield><datafield tag="505" ind1="0" ind2=" "><subfield code="a">3. p.11-p.266 : [Kitāb-i lughāt].</subfield></datafield><datafield tag="505" ind1="0" ind2=" "><subfield code="a">2. p.10 : [blank].</subfield></datafield><datafield tag="505" ind1="0" ind2=" "><subfield code="a">1. p.4-p.9 : [assorted poetic excerpts].</subfield></datafield><datafield tag="520" ind1="8" ind2=" "><subfield code="a">Careful copy of an excerpt from a Persian-Persian dictionary from Bāb al-alif through Bāb al-nūn, followed by an excerpt from a work on Persian prosody and preceded by assorted poetic excerpts.</subfield></datafield><datafield tag="538" ind1=" " ind2=" "><subfield code="a">Mode of access: Internet.</subfield></datafield><datafield tag="541" ind1=" " ind2=" "><subfield code="c">Gift ;</subfield><subfield code="a">Acquired from Frank E. Nuttall (1875-1943).</subfield></datafield><datafield tag="546" ind1=" " ind2=" "><subfield code="a">Persian.</subfield></datafield><datafield tag="561" ind1=" " ind2=" "><subfield code="a">Former owners' marks on opening add leaf (p.3) include listing of volumes / titles, inventory number "MS 1906" with extent/collation statement "131 folios", and ownership statement dated Jumādá I [?] 1292 [June-July? 1875] in name of one Muḥammad Ṣādiq ... [?] ( محمد صادق ) accompanied by small oval seal impression ; marginal corrections.</subfield></datafield><datafield tag="650" ind1=" " ind2="0"><subfield code="a">Manuscripts, Persian</subfield><subfield code="z">Michigan</subfield><subfield code="z">Ann Arbor.</subfield></datafield><datafield tag="650" ind1=" " ind2="0"><subfield code="a">Persian language</subfield><subfield code="x">Versification.</subfield></datafield><datafield tag="650" ind1=" " ind2="0"><subfield code="a">Persian language</subfield><subfield code="v">Dictionaries.</subfield></datafield><datafield tag="700" ind1="1" ind2=" "><subfield code="a">Nuttall, Frank E.,</subfield><subfield code="d">1875-1943,</subfield><subfield code="e">former owner.</subfield></datafield><datafield tag="700" ind1="0" ind2=" "><subfield code="6">880-05</subfield><subfield code="a">Muḥammad Ṣādiq,</subfield><subfield code="d">fl. 1875,</subfield><subfield code="e">former owner.</subfield></datafield><datafield tag="740" ind1="0" ind2="2"><subfield code="6">880-04</subfield><subfield code="a">Risālah-i ʻArūz̤-i Fārsī</subfield></datafield><datafield tag="773" ind1="0" ind2=" "><subfield code="a">F. E. Nuttall Collection.</subfield></datafield><datafield tag="880" ind1="0" ind2=" "><subfield code="6">700-05/</subfield><subfield code="a">محمد صادق,</subfield><subfield code="e">مالك سابق.</subfield></datafield><datafield tag="880" ind1="0" ind2="2"><subfield code="6">740-04/</subfield><subfield code="a">رساله عروض فارسى</subfield></datafield><datafield tag="880" ind1="0" ind2="0"><subfield code="6">245-03/</subfield><subfield code="a">[کتاب لغات ... الخ،</subfield><subfield code="f">قرن 19م].</subfield></datafield><datafield tag="CID" ind1=" " ind2=" "><subfield code="a">006819660</subfield></datafield><datafield tag="DAT" ind1="0" ind2=" "><subfield code="a">20190719102639.0</subfield><subfield code="b">20190719000000.0</subfield></datafield><datafield tag="DAT" ind1="1" ind2=" "><subfield code="a">20190719090653.0</subfield><subfield code="b">2019-07-19T16:12:03Z</subfield></datafield><datafield tag="DAT" ind1="2" ind2=" "><subfield code="a">2015-10-02T18:00:03Z</subfield></datafield><datafield tag="CAT" ind1=" " ind2=" "><subfield code="a">SDR-MIU</subfield><subfield code="d">EX LIBRIS - ALEPH</subfield><subfield code="l">prepare.pl-004-008</subfield></datafield><datafield tag="FMT" ind1=" " ind2=" "><subfield code="a">BK</subfield></datafield><datafield tag="HOL" ind1=" " ind2=" "><subfield code="0">sdr-miu006819660</subfield><subfield code="a">MiU</subfield><subfield code="b">SDR</subfield><subfield code="c">MIU</subfield><subfield code="p">mdp.39015079130459</subfield><subfield code="s">MIU</subfield><subfield code="1">006819660</subfield></datafield><datafield tag="974" ind1=" " ind2=" "><subfield code="b">MIU</subfield><subfield code="c">MIU</subfield><subfield code="d">20190719</subfield><subfield code="s">lit-dlps-dc</subfield><subfield code="u">mdp.39015079130459</subfield><subfield code="y">1860</subfield><subfield code="r">pd</subfield><subfield code="q">exp</subfield></datafield></record></collection>